<record><leader>00000cas a22000007a 4500</leader><controlfield tag="001">11435520</controlfield><controlfield tag="008">841129d19111914mtuwr ne      0    0eng d</controlfield><datafield ind1=" " ind2=" " tag="010"><subfield code="a">sn 84036264 </subfield></datafield><datafield ind1=" " ind2=" " tag="040"><subfield code="a">MTL</subfield><subfield code="b">eng</subfield><subfield code="c">MTL</subfield><subfield code="d">OCLCQ</subfield></datafield><datafield ind1=" " ind2=" " tag="042"><subfield code="a">msc</subfield></datafield><datafield ind1="0" ind2="4" tag="245"><subfield code="a">The Dunkirk press.</subfield></datafield><datafield ind1=" " ind2=" " tag="260"><subfield code="a">Dunkirk, Mont. :</subfield><subfield code="b">B.B. Weldy</subfield></datafield><datafield ind1=" " ind2=" " tag="300"><subfield code="a">v. :</subfield><subfield code="b">ill.</subfield></datafield><datafield ind1=" " ind2=" " tag="310"><subfield code="a">Weekly</subfield></datafield><datafield ind1="1" ind2=" " tag="362"><subfield code="a">Began Sept. 20, 1911.</subfield><subfield code="z">Cf. Gregory, W. Amer. newspapers.</subfield></datafield><datafield ind1="1" ind2=" " tag="362"><subfield code="a">Ceased in 1914.</subfield><subfield code="z">Cf. Galata journal, Oct. 15, 1914.</subfield></datafield><datafield ind1=" " ind2=" " tag="515"><subfield code="a">Suspended?: Sept. 18, 1912-July 26, 1913. Restarts numbering with v. 1, no. 1 on Aug. 2, 1913.</subfield></datafield><datafield ind1=" " ind2=" " tag="588"><subfield code="a">Description based on: Vol. 1, no. 7 (Nov. 1, 1911).</subfield></datafield><datafield ind1=" " ind2=" " tag="752"><subfield code="a">United States</subfield><subfield code="b">Montana</subfield><subfield code="c">Toole</subfield><subfield code="d">Dunkirk.</subfield></datafield><datafield ind1="1" ind2=" " tag="029"><subfield code="a">AU@</subfield><subfield code="b">000025811893</subfield></datafield></record>